<?xml version="1.0" encoding="UTF-8"?><record xmlns="http://www.loc.gov/MARC21/slim" xmlns:cinclude="http://apache.org/cocoon/include/1.0" xmlns:zs="http://www.loc.gov/zing/srw/">
  <leader>00465nz  a2200145n  4500</leader>
  <controlfield tag="001">no2003123029</controlfield>
  <controlfield tag="003">DLC</controlfield>
  <controlfield tag="005">20031209071048.0</controlfield>
  <controlfield tag="008">031208n| acannaabn          |n aaa     c</controlfield>
  <datafield tag="010" ind1=" " ind2=" ">
    <subfield code="a">no2003123029</subfield>
  </datafield>
  <datafield tag="035" ind1=" " ind2=" ">
    <subfield code="a">(OCoLC)oca06223327</subfield>
  </datafield>
  <datafield tag="040" ind1=" " ind2=" ">
    <subfield code="a">InU-L</subfield>
    <subfield code="b">eng</subfield>
    <subfield code="c">InU-L</subfield>
  </datafield>
  <datafield tag="100" ind1="1" ind2=" ">
    <subfield code="a">Owen, Mamie,</subfield>
    <subfield code="d">1903-</subfield>
  </datafield>
  <datafield tag="670" ind1=" " ind2=" ">
    <subfield code="a">Index of Mississippi session laws, 1817-1865:</subfield>
    <subfield code="b">t.p. (Mamie Owen, Mississippi State Library)</subfield>
  </datafield>
  <datafield tag="670" ind1=" " ind2=" ">
    <subfield code="a">LC in OCLC, Dec. 5, 2003</subfield>
    <subfield code="b">(MLC hdg.: Owen, Mamie, 1903- )</subfield>
  </datafield>
</record>